<?xml version="1.0" encoding="UTF-8"?><collection xmlns="http://www.loc.gov/MARC21/slim"><record><leader>00528nam--2200193-i-4500</leader><controlfield tag="001">000024340</controlfield><controlfield tag="002">20161230</controlfield><controlfield tag="005">20170204193118</controlfield><controlfield tag="008">060222s1000------------r-----000-0-rum-d</controlfield><datafield ind1=" " ind2=" " tag="040"><subfield code="a">IFIN-HH</subfield></datafield><datafield ind1=" " ind2=" " tag="041"><subfield code="a">rum</subfield></datafield><datafield ind1=" " ind2=" " tag="080"><subfield code="a">533.9</subfield></datafield><datafield ind1="1" ind2=" " tag="100"><subfield code="a">Popescu, Ioan-Iovit</subfield></datafield><datafield ind1="1" ind2="0" tag="245"><subfield code="a">Fizica plasmei si aplicatii</subfield><subfield code="c">Ioan-Iovit Popescu, Iancu Iova, Emil Toader</subfield></datafield><datafield ind1=" " ind2=" " tag="260"><subfield code="a">Bucuresti</subfield><subfield code="b">Editura Stiintifica Si Enciclopedica</subfield><subfield code="c">1981</subfield></datafield><datafield ind1=" " ind2=" " tag="300"><subfield code="a">516 p</subfield></datafield><datafield ind1="1" ind2=" " tag="700"><subfield code="a">Toader, Emil</subfield></datafield><datafield ind1=" " ind2=" " tag="852"><subfield code="a">48848</subfield><subfield code="c">533.9</subfield></datafield><datafield ind1=" " ind2=" " tag="CAT"><subfield code="a">SYS</subfield><subfield code="c">20170204</subfield><subfield code="h">193118</subfield></datafield></record></collection>